@book{wooldridge2019,
  author    = {Jeffrey M. Wooldridge},
  title     = {Introductory Econometrics: A Modern Approach},
  year      = {2019},
  publisher = {Cengage Learning},
  edition   = {7th},
  address   = {Boston, MA}
}


@article{angrist2009,
  author  = {Joshua D. Angrist and JÃ¶rn-Steffen Pischke},
  title   = {Mostly Harmless Econometrics: An Empiricist's Companion},
  journal = {Princeton University Press},
  year    = {2009}
}


@book{chan2019bayesian,
  author    = {Joshua Chan and Gary Koop and Dale J. Poirier and Justin L. Tobias},
  title     = {Bayesian Econometric Methods},
  year      = {2019},
  publisher = {Cambridge University Press}
}

@book{greenberg2005bayesian,
  author    = {Edward Greenberg},
  title     = {Bayesian Econometrics},
  year      = {2005},
  publisher = {Cambridge University Press}
}

@article{bayesian1973econometrica,
  author  = {},
  title   = {Bayesian Econometrics},
  year    = {1973},
  journal = {Econometrica}
}

@book{pham2020machine,
  author    = {Ngoc-Khanh Pham},
  title     = {Machine Learning Econometrics: Bayesian Algorithms and Methods},
  year      = {2020},
  publisher = {arXiv}
}

